@book{harris_1986_northern,
  author = {Harris, John W},
  publisher = {Department of Linguistics, Research School of Pacific Studies, Australian National University, 1986},
  title = {Northern Territory Pidgins and the Origin of Kriol},
  year = {1986}
}

@misc{hendy_2021_should,
  author = {Hendy, Caroline and Bow, Cathy},
  month = {07},
  publisher = {John Benjamins Publishing Company},
  title = {Should Munanga learn Kriol?: Exploring attitudes to non-Indigenous acquisition of Kriol language in Ngukurr},
  url = {https://www.researchgate.net/publication/353465240_Should_Munanga_learn_Kriol_Exploring_attitudes_to_non-Indigenous_acquisition_of_Kriol_language_in_Ngukurr},
  urldate = {2023-10-18},
  year = {2021},
  organization = {ResearchGate}
}

@article{jones_2019_evaluating,
  author = {Jones, Caroline and Li, Weicong and Almeida, Andre and German, Amit},
  pages = {281-299},
  publisher = {UWS Research Direct Website},
  title = {Evaluating cross-linguistic forced alignment of conversational data in north Australian Kriol, an under-resourced language},
  url = {https://researchdirect.westernsydney.edu.au/islandora/object/uws:51962/},
  urldate = {2023-10-18},
  volume = {13},
  year = {2019},
  journal = {Language Documentation and Conservation}
}

@article{oshannessy_2016_australian,
  author = {Oâ€™Shannessy, Carmel and Meakins, Felicity},
  month = {03},
  pages = {3-26},
  title = {Australian language contact in historical and synchronic perspective},
  doi = {10.1515/9781614518792-007},
  year = {2016},
  journal = {Loss and Renewal}
}

@book{bowern_2023_the,
  author = {Bowern, Claire},
  month = {01},
  publisher = {Oxford University Press, USA},
  title = {The Oxford Guide to Australian Languages},
  year = {2023}
}

@book{kachru_1997_world,
  author = {Kachru, Braj},
  editor = {Smith, Larry E and Forman, Michael L},
  publisher = {College of Languages F Hawai'i and East-W},
  title = {World Englishes 2000},
  year = {1997}
}

@misc{australiangovernment_2021_roper,
  author = {Australian Government},
  title = {Roper River Mission
 - Summary | Find & Connect},
  url = {https://www.findandconnect.gov.au/guide/nt/YE00010},
  urldate = {2023-10-21},
  year = {2021},
  organization = {Findandconnect.gov.au}
}

@misc{nationalcentreforindigenousgenomics_2015_roper,
  author = {National Centre for Indigenous Genomics},
  publisher = {The Australian National University},
  title = {Roper River Mission},
  url = {https://ncig-ihhr.anu.edu.au/biogs/IG00184b.htm},
  urldate = {2023-10-21},
  year = {2015},
  organization = {anu.edu.au}
}

@article{meakins_2014_9,
  author = {Meakins, Felicity},
  month = {07},
  pages = {378-379},
  title = {9 Language Contact Varieties},
  doi = {10.1515/9783110279771.365},
  year = {2014},
  journal = {The Languages and Linguistics of Australia}
}